
@inproceedings{key1,
title     = "Title of the conference paper",
author    = "John Author",
booktitle = "Name of the Conference Proceedings",
address   = "Location",
month     = "Mon.",
year      = "Year"
}

@article{key2,
title   = "Title of the Journal paper",
author  = "Andrew Wiles and Ingrid Daubechies",
journal = "Name of the Journal",
volume  = "vol.",
number  = "iss.",
pages   = "page",
month   = "Mon.",
year    = "Year"
}

@book{key3,
title     = "Book Title",
author    = "John Smith and Pierre Fermat and Clark Maxwell",
edition   = "3rd",
publisher = "Publisher Name",
year      = "Year",
address   = "Location"
}

@misc{key4,
title        = "Title of the reference",
howpublished = "Publishing details"
}

@phdthesis{key5,
title  = "Thesis/Dissertation Title",
author = "Author Name",
school = "School Name",
year   = "Year"
}



@book{guidelines,
title     = "Thesis and Dissertation Guidelines",
author    = "KAUST",
edition   = "1",
publisher = "KAUST",
year      = "2011",
address   = "Thuwal, Makkah Province, Saudi Arabia"
}

